<record><leader>00000cas a22000007a 4500</leader><controlfield tag="001">13641151</controlfield><controlfield tag="008">860523d19691976inudn ne      0    0eng d</controlfield><datafield ind1=" " ind2=" " tag="010"><subfield code="a">sn 86058561 </subfield></datafield><datafield ind1=" " ind2=" " tag="040"><subfield code="a">NPI</subfield><subfield code="b">eng</subfield><subfield code="c">NPI</subfield><subfield code="d">NSD</subfield><subfield code="d">NPI</subfield><subfield code="d">OCLCQ</subfield><subfield code="d">IUL</subfield><subfield code="d">OCLCF</subfield></datafield><datafield ind1="1" ind2=" " tag="029"><subfield code="a">AU@</subfield><subfield code="b">000021316697</subfield></datafield><datafield ind1=" " ind2=" " tag="042"><subfield code="a">msc</subfield></datafield><datafield ind1=" " ind2=" " tag="043"><subfield code="a">n-us-in</subfield></datafield><datafield ind1="0" ind2="4" tag="245"><subfield code="a">The News-gazette &amp; journal-herald.</subfield></datafield><datafield ind1="3" ind2="0" tag="246"><subfield code="a">News gazette and journal herald</subfield></datafield><datafield ind1="3" ind2="0" tag="246"><subfield code="a">News-gazette</subfield></datafield><datafield ind1=" " ind2=" " tag="260"><subfield code="a">Winchester, Ind. :</subfield><subfield code="b">Gazette Pub. Co.,</subfield><subfield code="c">1969-1976.</subfield></datafield><datafield ind1=" " ind2=" " tag="300"><subfield code="a">8 v. :</subfield><subfield code="b">ill. ;</subfield><subfield code="c">58 cm.</subfield></datafield><datafield ind1=" " ind2=" " tag="310"><subfield code="a">Daily (except Sun.)</subfield></datafield><datafield ind1="0" ind2=" " tag="362"><subfield code="a">Vol. 41, no. 281 (Dec. 1, 1969)-v. 48, no. 170 (July 22, 1976).</subfield></datafield><datafield ind1=" " ind2=" " tag="500"><subfield code="a">After late July 1975, the masthead title periodically dropped the words "and Journal-herald."</subfield></datafield><datafield ind1=" " ind2=" " tag="500"><subfield code="a">Had morning and evening editions until about 1972.</subfield></datafield><datafield ind1=" " ind2="0" tag="651"><subfield code="a">Winchester (Ind.)</subfield><subfield code="v">Newspapers.</subfield></datafield><datafield ind1=" " ind2="0" tag="651"><subfield code="a">Randolph County (Ind.)</subfield><subfield code="v">Newspapers.</subfield></datafield><datafield ind1=" " ind2="7" tag="655"><subfield code="a">Newspapers.</subfield><subfield code="2">fast</subfield><subfield code="0">(OCoLC)fst01423814</subfield></datafield><datafield ind1=" " ind2="7" tag="651"><subfield code="a">Indiana</subfield><subfield code="z">Randolph County.</subfield><subfield code="2">fast</subfield><subfield code="0">(OCoLC)fst01208877</subfield></datafield><datafield ind1=" " ind2="7" tag="651"><subfield code="a">Indiana</subfield><subfield code="z">Winchester.</subfield><subfield code="2">fast</subfield><subfield code="0">(OCoLC)fst01255182</subfield></datafield><datafield ind1=" " ind2=" " tag="752"><subfield code="a">United States</subfield><subfield code="b">Indiana</subfield><subfield code="c">Randolph</subfield><subfield code="d">Winchester.</subfield></datafield><datafield ind1="0" ind2="4" tag="780"><subfield code="t">News-gazette (Winchester, Ind. : 1968)</subfield><subfield code="w">(DLC)sn 86058531</subfield><subfield code="w">(OCoLC)13641042</subfield></datafield><datafield ind1="0" ind2="4" tag="780"><subfield code="t">Journal-herald (Winchester, Ind.)</subfield><subfield code="w">(DLC)sn 86058548</subfield><subfield code="w">(OCoLC)13640953</subfield></datafield><datafield ind1="0" ind2="0" tag="785"><subfield code="t">News-gazette (Winchester, Ind. : 1976)</subfield><subfield code="x">1040-3116</subfield><subfield code="w">(DLC)sn 86058562</subfield><subfield code="w">(OCoLC)13641320</subfield></datafield></record>